<record><leader>00000cas a22000007a 4500</leader><controlfield tag="001">20079959</controlfield><controlfield tag="008">890727d193519uunduwr ne      0    0eng d</controlfield><datafield ind1=" " ind2=" " tag="010"><subfield code="a">sn 89074198 </subfield></datafield><datafield ind1=" " ind2=" " tag="040"><subfield code="a">NOP</subfield><subfield code="b">eng</subfield><subfield code="c">NOP</subfield><subfield code="d">OCLCQ</subfield><subfield code="d">OCLCF</subfield><subfield code="d">OCLCO</subfield><subfield code="d">OCL</subfield></datafield><datafield ind1=" " ind2=" " tag="042"><subfield code="a">msc</subfield></datafield><datafield ind1=" " ind2=" " tag="043"><subfield code="a">n-us-nd</subfield></datafield><datafield ind1="0" ind2="0" tag="245"><subfield code="a">Nomadic-nonpareil.</subfield></datafield><datafield ind1=" " ind2=" " tag="260"><subfield code="a">Bismarck, N.D. :</subfield><subfield code="b">Journalism Class, Co. 795, C.C.C.</subfield></datafield><datafield ind1=" " ind2=" " tag="300"><subfield code="a">v. :</subfield><subfield code="b">ill. ;</subfield><subfield code="c">31 cm.</subfield></datafield><datafield ind1="0" ind2=" " tag="362"><subfield code="a">Vol. 1, no. 1 (Aug. 8, 1935)-</subfield></datafield><datafield ind1=" " ind2=" " tag="530"><subfield code="a">Available on microfilm from the State Historical Society of North Dakota.</subfield></datafield><datafield ind1="2" ind2="0" tag="610"><subfield code="a">Civilian Conservation Corps (U.S.)</subfield><subfield code="v">Newspapers.</subfield></datafield><datafield ind1="2" ind2="7" tag="610"><subfield code="a">Civilian Conservation Corps (U.S.)</subfield><subfield code="2">fast</subfield><subfield code="0">(OCoLC)fst00536299</subfield></datafield><datafield ind1=" " ind2="7" tag="655"><subfield code="a">Newspapers.</subfield><subfield code="2">fast</subfield><subfield code="0">(OCoLC)fst01423814</subfield></datafield><datafield ind1="2" ind2=" " tag="710"><subfield code="a">Civilian Conservation Corps (U.S.).</subfield><subfield code="b">Company 795 (Bismarck, N.D.)</subfield></datafield><datafield ind1=" " ind2=" " tag="752"><subfield code="a">United States</subfield><subfield code="b">North Dakota</subfield><subfield code="c">Burleigh</subfield><subfield code="d">Bismarck.</subfield></datafield><datafield ind1="1" ind2=" " tag="029"><subfield code="a">AU@</subfield><subfield code="b">000025872537</subfield></datafield></record>